<?xml version="1.0" encoding="UTF-8"?><collection xmlns="http://www.loc.gov/MARC21/slim"><record><leader>00481nam--2200133-i-4500</leader><controlfield tag="001">000023743</controlfield><controlfield tag="002">20161230</controlfield><controlfield tag="005">20161230201035</controlfield><controlfield tag="008">060222s1000------------r-----000-0-eng-d</controlfield><datafield ind1=" " ind2=" " tag="080"><subfield code="a">546.799.4(061.3)</subfield></datafield><datafield ind1=" " ind2=" " tag="245"><subfield code="a">Heavy element properties. 4th international transplutonium element symposium 5th international conference on plutonium and other actinides 1975</subfield></datafield><datafield ind1=" " ind2=" " tag="260"><subfield code="a">Amsterdam, North-holland Publishing Company, Inc., 1978, 124 P</subfield></datafield><datafield ind1=" " ind2=" " tag="700"><subfield code="a">Muller W. And Blank H</subfield></datafield><datafield ind1=" " ind2=" " tag="852"><subfield code="a">45434</subfield></datafield></record></collection>